<collection xmlns="http://www.loc.gov/MARC21/slim"><record><leader>00758nam  2200217   450</leader><controlfield tag="001">345</controlfield><controlfield tag="003">http://montalegre.opacnet.com/OPAC/default.aspx?ContentAreaControl=ShowRegHoldings.ascx&amp;RegNo=16662</controlfield><datafield tag="095" ind1=" " ind2=" "><subfield code="a">PTBN00073601</subfield></datafield><datafield tag="100" ind1=" " ind2=" "><subfield code="a">20061013d1982    m  y0pora010305  ba</subfield></datafield><datafield tag="101" ind1="1" ind2=" "><subfield code="a">por</subfield><subfield code="c">eng</subfield></datafield><datafield tag="102" ind1=" " ind2=" "><subfield code="a">PT</subfield></datafield><datafield tag="200" ind1="1" ind2=" "><subfield code="a">&lt;A &gt;paixão de Sacco e Vanzetti</subfield><subfield code="e">&lt;uma &gt;saga da Nova Inglaterra</subfield><subfield code="f">Howard Fast</subfield><subfield code="g">trad. Paulo Costa</subfield></datafield><datafield tag="210" ind1=" " ind2=" "><subfield code="a">Lisboa</subfield><subfield code="c">Caminho</subfield><subfield code="d">imp. 1982</subfield></datafield><datafield tag="215" ind1=" " ind2=" "><subfield code="a">209</subfield><subfield code="d">imp. 1982</subfield></datafield><datafield tag="225" ind1="2" ind2=" "><subfield code="a">&lt;Uma &gt;terra sem amos</subfield><subfield code="v">20)</subfield></datafield><datafield tag="304" ind1=" " ind2=" "><subfield code="a">Tít. orig. : The passion of Sacco and Vanzetti</subfield></datafield><datafield tag="675" ind1=" " ind2=" "><subfield code="a">821</subfield><subfield code="v">BN</subfield><subfield code="z">por</subfield></datafield><datafield tag="700" ind1=" " ind2="1"><subfield code="a">Fast</subfield><subfield code="b">Howard</subfield><subfield code="f">1914</subfield></datafield><datafield tag="702" ind1=" " ind2="1"><subfield code="a">Costa</subfield><subfield code="b">Paulo</subfield><subfield code="4">730</subfield></datafield><datafield tag="801" ind1=" " ind2="0"><subfield code="a">PT</subfield><subfield code="b">Biblioteca Municipal de Montalegre</subfield><subfield code="g">RPC</subfield></datafield><datafield tag="856" ind1=" " ind2=" "><subfield code="u">locateMedia.asp?cod=20060511160547&amp;ext=jpg</subfield><subfield code="z">CAPA</subfield></datafield><datafield tag="909" ind1="&#9;" ind2=" "><subfield code="a">1</subfield></datafield><datafield tag="966" ind1=" " ind2=" "><subfield code="a">0008628</subfield><subfield code="l">BMM</subfield><subfield code="s">SCG 821 FAS pai 20</subfield></datafield></record></collection>